<?xml version="1.0" encoding="UTF-8"?><collection xmlns="http://www.loc.gov/MARC21/slim"><record><leader>00415nam--2200121-i-4500</leader><controlfield tag="001">000021234</controlfield><controlfield tag="002">20161230</controlfield><controlfield tag="005">20161230201034</controlfield><controlfield tag="008">060222s1000------------r-----000-0-eng-d</controlfield><datafield ind1=" " ind2=" " tag="100"><subfield code="a">Greinacher (Prof.Dr.H.)</subfield></datafield><datafield ind1=" " ind2=" " tag="245"><subfield code="a">Erganzungen zur experimental physik. einfuhrende exakte behandlung physikalischer aufgaben, fragen und probleme. zweite, vermehrte auflage</subfield></datafield><datafield ind1=" " ind2=" " tag="260"><subfield code="a">Wien,Springer Verlag, 1948. X+186p</subfield></datafield><datafield ind1=" " ind2=" " tag="852"><subfield code="a">781</subfield></datafield></record></collection>